@Book{North:2006,
 author = {Dan North},
 title = {Introducing BDD},
 journal = {Better Software magazine},
 year = {2006},
 url = {http://dannorth.net/introducing-bdd/},
 doi = {http://dannorth.net/introducing-bdd/}
}

@Book{Bellware:2008,
 author = {Scott Bellware},
 title = {Behaviour-Driven Development},
 journal = {Code Magazine},
 year = {2008},
 url = {http://www.code-magazine.com/articleprint.aspx?quickid=0805061&page=1&printmode=true},
 doi = {http://www.code-magazine.com/articleprint.aspx?quickid=0805061&page=1&printmode=true}
}

@Book{Chelimsky:2010,
 author    = "David Chelimsky, Zach Dennis, Dave Astels, Aslak Hellesoy, Bryan Helmpamk, Dan North",
 title     = "The Rspec Book",
 publisher = "The Prgramtic Programmers",
 year      =  2010,
 edition   = "2st",
 isbn      = "1-934356-37-9"
}

@Book{Osorio:2012,
  author = {Diogo Osorio},
  title = {Test Driven Development using PHPUnit},
  journal = {Private Blog},
  year = {2012},
  url ={http://diogoosorio.com/blog/entry/test-driven-development-tdd-using-phpunit},
  doi = {http://diogoosorio.com/blog/entry/test-driven-development-tdd-using-phpunit}
}

